@inbook{Charpiat,
	author = {Charpiat, Guillaume and Hofmann, Matthias and Schölkopf, Bernhard},
	title = {Automatic image colorization via multimodal predictions},
	booktitle = {Computer Vision–ECCV 2008},
	publisher = {Springer},
	pages = {126-139},
	ISBN = {3540886893},
	year = {2008},
	type = {Book Section}
}

@inproceedings{Cheng,
	author = {Cheng, Zezhou and Yang, Qingxiong and Sheng, Bin},
	title = {Deep Colorization},
	booktitle = {Proceedings of the IEEE International Conference on Computer Vision},
	pages = {415-423},
	type = {Conference Proceedings}
}

@misc{Dahl,
	author = {Dahl, Ryan},
	title = {Automatic Colorization},
	note = {[Visited on: 04-03-2016]},
	howpublished = {http://tinyclouds.org/colorize/},
	url = {http://tinyclouds.org/colorize/},
	year = {2016},
	type = {Web Page}
}

@unpublished{GoodfellowBOOK,
	author = {Goodfellow, Ian and Bengio, Yoshua and Courville, Aaron},
	title = {Deep Learning},
	note = {Book in preparation for MIT Press},
	url = {http://goodfeli.github.io/dlbook/},
	howpublished = {\url{http://goodfeli.github.io/dlbook/}},
	year = {2016},
	type = {Unpublished Work}
}

@inproceedings{Goodfellow,
	author = {Goodfellow, Ian and Pouget-Abadie, Jean and Mirza, Mehdi and Xu, Bing and Warde-Farley, David and Ozair, Sherjil and Courville, Aaron and Bengio, Yoshua},
	title = {Generative adversarial nets},
	booktitle = {Advances in Neural Information Processing Systems},
	pages = {2672-2680},
	type = {Conference Proceedings}
}

@article{Gregor,
	author = {Gregor, Karol and Danihelka, Ivo and Graves, Alex and Wierstra, Daan},
	title = {DRAW: A recurrent neural network for image generation},
	journal = {arXiv preprint arXiv:1502.04623},
	year = {2015},
	type = {Journal Article}
}

@inproceedings{Gupta,
	author = {Gupta, Raj Kumar and Chia, Alex Yong-Sang and Rajan, Deepu and Ng, Ee Sin and Zhiyong, Huang},
	title = {Image colorization using similar images},
	booktitle = {Proceedings of the 20th ACM international conference on Multimedia},
	publisher = {ACM},
	pages = {369-378},
	ISBN = {1450310893},
	type = {Conference Proceedings}
}

@article{Hagan,
	author = {Hagan, Martin T and Menhaj, Mohammad B},
	title = {Training feedforward networks with the Marquardt algorithm},
	journal = {Neural Networks, IEEE Transactions on},
	volume = {5},
	number = {6},
	pages = {989-993},
	ISSN = {1045-9227},
	year = {1994},
	type = {Journal Article}
}

@article{Ho,
	author = {Ho, Harrison and Ramesh, Varun},
	title = {Automatic Image Colorization},
	type = {Journal Article}
}

@article{Horiuchi,
	author = {Horiuchi, Takahiko},
	title = {Colorization algorithm using probabilistic relaxation},
	journal = {Image and Vision Computing},
	volume = {22},
	number = {3},
	pages = {197-202},
	ISSN = {0262-8856},
	year = {2004},
	type = {Journal Article}
}

@article{Huszar,
	author = {Huszár, Ferenc},
	title = {How (not) to Train your Generative Model: Scheduled Sampling, Likelihood, Adversary?},
	journal = {arXiv preprint arXiv:1511.05101},
	year = {2015},
	type = {Journal Article}
}

@article{Kingma,
	author = {Kingma, Diederik P and Welling, Max},
	title = {Auto-encoding variational bayes},
	journal = {arXiv preprint arXiv:1312.6114},
	year = {2013},
	type = {Journal Article}
}

@inproceedings{Krizhevsky,
	author = {Krizhevsky, Alex and Sutskever, Ilya and Hinton, Geoffrey E},
	title = {ImageNet classification with deep convolutional neural networks},
	booktitle = {Advances in neural information processing systems},
	pages = {1097-1105},
	type = {Conference Proceedings}
}

@inproceedings{Levin,
	author = {Levin, Anat and Lischinski, Dani and Weiss, Yair},
	title = {Colorization using optimization},
	booktitle = {ACM Transactions on Graphics (TOG)},
	publisher = {ACM},
	volume = {23},
	pages = {689-694},
	ISBN = {0730-0301},
	type = {Conference Proceedings}
}

@article{Radford,
	author = {Radford, Alec and Metz, Luke and Chintala, Soumith},
	title = {Unsupervised Representation Learning with Deep Convolutional Generative Adversarial Networks},
	journal = {arXiv preprint arXiv:1511.06434},
	year = {2015},
	type = {Journal Article}
}

@inproceedings{Szegedy,
	author = {Szegedy, Christian and Liu, Wei and Jia, Yangqing and Sermanet, Pierre and Reed, Scott and Anguelov, Dragomir and Erhan, Dumitru and Vanhoucke, Vincent and Rabinovich, Andrew},
	title = {Going deeper with convolutions},
	booktitle = {Proceedings of the IEEE Conference on Computer Vision and Pattern Recognition},
	pages = {1-9},
	type = {Conference Proceedings}
}

@article{Zheng,
	author = {Zheng, Yufeng and Essock, Edward A},
	title = {A local-coloring method for night-vision colorization utilizing image analysis and fusion},
	journal = {Information Fusion},
	volume = {9},
	number = {2},
	pages = {186-199},
	ISSN = {1566-2535},
	year = {2008},
	type = {Journal Article}
}

@article{Simonyan,
	author    = {Karen Simonyan and
	Andrew Zisserman},
	title     = {Very Deep Convolutional Networks for Large-Scale Image Recognition},
	journal   = {CoRR},
	volume    = {abs/1409.1556},
	year      = {2014},
	url       = {http://arxiv.org/abs/1409.1556},
	timestamp = {Wed, 01 Oct 2014 15:00:05 +0200},
	biburl    = {http://dblp.uni-trier.de/rec/bib/journals/corr/SimonyanZ14a},
	bibsource = {dblp computer science bibliography, http://dblp.org} 
}

@article{Zhang,
	title={Colorful Image Colorization},
	author={Zhang, Richard and Isola, Phillip and Efros, Alexei A},
	journal={arXiv preprint arXiv:1603.08511},
	year={2016}
}	
@INPROCEEDINGS{Glorot,
	author = {Xavier Glorot and Yoshua Bengio},
	title = {Understanding the difficulty of training deep feedforward neural networks},
	booktitle = {In Proceedings of the International Conference on Artificial Intelligence and Statistics (AISTATS’10). Society for Artificial Intelligence and Statistics},
	year = {2010}
}	