@inbook{
   author = {Charpiat, Guillaume and Hofmann, Matthias and Schölkopf, Bernhard},
   title = {Automatic image colorization via multimodal predictions},
   booktitle = {Computer Vision–ECCV 2008},
   publisher = {Springer},
   pages = {126-139},
   ISBN = {3540886893},
   year = {2008},
   type = {Book Section}
}

@inproceedings{
   author = {Cheng, Zezhou and Yang, Qingxiong and Sheng, Bin},
   title = {Deep Colorization},
   booktitle = {Proceedings of the IEEE International Conference on Computer Vision},
   pages = {415-423},
   type = {Conference Proceedings}
}

@inproceedings{
   author = {Gupta, Raj Kumar and Chia, Alex Yong-Sang and Rajan, Deepu and Ng, Ee Sin and Zhiyong, Huang},
   title = {Image colorization using similar images},
   booktitle = {Proceedings of the 20th ACM international conference on Multimedia},
   publisher = {ACM},
   pages = {369-378},
   ISBN = {1450310893},
   type = {Conference Proceedings}
}

@article{
   author = {Hagan, Martin T and Menhaj, Mohammad B},
   title = {Training feedforward networks with the Marquardt algorithm},
   journal = {Neural Networks, IEEE Transactions on},
   volume = {5},
   number = {6},
   pages = {989-993},
   ISSN = {1045-9227},
   year = {1994},
   type = {Journal Article}
}

@article{
   author = {Ho, Harrison and Ramesh, Varun},
   title = {Automatic Image Colorization},
   type = {Journal Article}
}

@article{
   author = {Horiuchi, Takahiko},
   title = {Colorization algorithm using probabilistic relaxation},
   journal = {Image and Vision Computing},
   volume = {22},
   number = {3},
   pages = {197-202},
   ISSN = {0262-8856},
   year = {2004},
   type = {Journal Article}
}

@inproceedings{
   author = {Krizhevsky, Alex and Sutskever, Ilya and Hinton, Geoffrey E},
   title = {Imagenet classification with deep convolutional neural networks},
   booktitle = {Advances in neural information processing systems},
   pages = {1097-1105},
   type = {Conference Proceedings}
}

@inproceedings{
   author = {Levin, Anat and Lischinski, Dani and Weiss, Yair},
   title = {Colorization using optimization},
   booktitle = {ACM Transactions on Graphics (TOG)},
   publisher = {ACM},
   volume = {23},
   pages = {689-694},
   ISBN = {0730-0301},
   type = {Conference Proceedings}
}

@inproceedings{
   author = {Szegedy, Christian and Liu, Wei and Jia, Yangqing and Sermanet, Pierre and Reed, Scott and Anguelov, Dragomir and Erhan, Dumitru and Vanhoucke, Vincent and Rabinovich, Andrew},
   title = {Going deeper with convolutions},
   booktitle = {Proceedings of the IEEE Conference on Computer Vision and Pattern Recognition},
   pages = {1-9},
   type = {Conference Proceedings}
}

@article{
   author = {Zheng, Yufeng and Essock, Edward A},
   title = {A local-coloring method for night-vision colorization utilizing image analysis and fusion},
   journal = {Information Fusion},
   volume = {9},
   number = {2},
   pages = {186-199},
   ISSN = {1566-2535},
   year = {2008},
   type = {Journal Article}
}

