@misc{F16Manual,
author = {Richard S. Russell},
title = {Non-linear F-16 Simulation using Simulink and Matlab},
publisher = {University of Minnesota},
year = {2003}
}

@misc{Practicum,
author = {E. van Kampen},
title = {Practical assignment AE4-301P: Exercise Automatic Flight Control System Design},
publisher = {Delft University of Technology},
year = {2015}
}

@book{controlbook,
	author    = "Norman S. Nise",
	title     = "Control System Engineering",
	publisher = "Wiley",
	year      = "2011",
	edition   = "Sixth"
}